@article{maxwell1871theory,
    author = {Maxwell, J. C.},
    title = {Theory of heat},
    journal = {London, UK: Longmans},
    year = {1871}
}

@article{szilard1929entropieverminderung,
    author = {Szilard, L.},
    title = {{\"U}ber die entropieverminderung in einem thermodynamischen system bei eingriffen intelligenter wesen},
    journal = {Zeitschrift f{\"u}r Physik},
    volume = {53},
    pages = {840},
    year = {1929}
}

@article{szilard1964decrease,
    author = {Szilard, L.},
    title = {On the decrease of entropy in a thermodynamic system by the intervention of intelligent beings},
    journal = {Behavioral Science},
    volume = {9},
    pages = {301},
    year = {1964}
}

@article{Parrondo_2015,
    author = {Parrondo, J. M. R. and Horowitz, J. M. and Sagawa, T.},
    title = {Thermodynamics of information},
    journal = {Nature Physics},
    volume = {11},
    pages = {131},
    year = {2015},
    doi = {10.1038/nphys3230},
    note = {publisher: Springer Science and Business Media LLC}
}

@article{lutz_information_2015,
    author = {Lutz, E. and Ciliberto, S.},
    title = {Information: {From} {Maxwell}'s demon to {Landauer}'s eraser},
    journal = {Physics Today},
    volume = {68},
    pages = {30},
    year = {2015},
    doi = {10.1063/PT.3.2912}
}

@article{paneru_colloidal_2020,
    author = {Paneru, G. and Kyu~Pak, H.},
    title = {Colloidal engines for innovative tests of information thermodynamics},
    journal = {Advances in Physics: X},
    volume = {5},
    pages = {1823880},
    year = {2020},
    doi = {10.1080/23746149.2020.1823880},
    note = {publisher: Taylor \& Francis}
}

@article{sagawa_generalized_2010,
    author = {Sagawa, T. and Ueda, M.},
    title = {Generalized {Jarzynski} {Equality} under {Nonequilibrium} {Feedback} {Control}},
    journal = {Physical Review Letters},
    volume = {104},
    pages = {090602},
    year = {2010},
    doi = {10.1103/PhysRevLett.104.090602},
    note = {publisher: American Physical Society}
}

@article{esposito_second_2011,
    author = {Esposito, M. and Van den Broeck, C.},
    title = {Second law and landauer principle far from equilibrium},
    journal = {Europhysics Letters},
    volume = {95},
    pages = {40004},
    year = {2011},
    doi = {10.1209/0295-5075/95/40004}
}

@article{ashida_general_2014,
    author = {Ashida, Y. and Funo, K. and Murashita, Y. and Ueda, M.},
    title = {General achievable bound of extractable work under feedback control},
    journal = {Physical Review E},
    volume = {90},
    pages = {052125},
    year = {2014},
    doi = {10.1103/PhysRevE.90.052125}
}

@article{toyabe_experimental_2010,
    author = {Toyabe, S. and Sagawa, T. and Ueda, M. and Muneyuki, E. and Sano, M.},
    title = {Experimental demonstration of information-to-energy conversion and validation of the generalized {Jarzynski} equality},
    journal = {Nature Physics},
    volume = {6},
    pages = {988},
    year = {2010},
    doi = {10.1038/nphys1821}
}

@article{roldan_universal_2014,
    author = {Roldán, E. and Martínez, I. A. and Parrondo, J. M. R. and Petrov, D.},
    title = {Universal features in the energetics of symmetry breaking},
    journal = {Nature Physics},
    volume = {10},
    pages = {457},
    year = {2014},
    doi = {10.1038/nphys2940},
    note = {number: 6 Publisher: Nature Publishing Group}
}

@article{paneru_lossless_2018,
    author = {Paneru, G. and Lee, D. Y. and Tlusty, T. and Pak, H. K.},
    title = {Lossless {Brownian} {Information} {Engine}},
    journal = {Physical Review Letters},
    volume = {120},
    pages = {020601},
    year = {2018},
    doi = {10.1103/PhysRevLett.120.020601},
    note = {publisher: American Physical Society}
}

@article{koski_experimental_2014,
    author = {Koski, J. and Maisi, V. and Sagawa, T. and Pekola, J.},
    title = {Experimental {Observation} of the {Role} of {Mutual} {Information} in the {Nonequilibrium} {Dynamics} of a {Maxwell} {Demon}},
    journal = {Physical Review Letters},
    volume = {113},
    pages = {030601},
    year = {2014},
    doi = {10.1103/PhysRevLett.113.030601}
}

@article{chida_power_2017,
    author = {Chida, K. and Desai, S. and Nishiguchi, K. and Fujiwara, A.},
    title = {Power generator driven by {Maxwell}'s demon},
    journal = {Nature Communications},
    volume = {8},
    pages = {15301},
    year = {2017},
    doi = {10.1038/ncomms15301},
    note = {number: 1 Publisher: Nature Publishing Group}
}

@article{Ribezzi_Crivellari_2019,
    author = {Ribezzi-Crivellari, M. and Ritort, F.},
    title = {Large work extraction and the {Landauer} limit in a continuous {Maxwell} demon},
    journal = {Nature Physics},
    volume = {15},
    pages = {660},
    year = {2019},
    doi = {10.1038/s41567-019-0481-0},
    note = {publisher: Springer Science and Business Media LLC}
}

@article{lagoin_human-scale_2022,
    author = {Lagoin, M. and Crauste-Thibierge, C. and Naert, A.},
    title = {Human-{Scale} {Brownian} {Ratchet}: {A} {Historical} {Thought} {Experiment}},
    journal = {Physical Review Letters},
    volume = {129},
    pages = {120606},
    year = {2022},
    doi = {10.1103/PhysRevLett.129.120606},
    note = {publisher: American Physical Society}
}

@article{Chor2023,
    author = {Chor, O. and Sohachi, A. and Goerlich, R. and Rosen, E. and Rahav, S. and Roichman, Y.},
    title = {Many-body szil\'ard engine with giant number fluctuations},
    journal = {Phys. Rev. Res.},
    volume = {5},
    pages = {043193},
    year = {2023},
    doi = {10.1103/PhysRevResearch.5.043193}
}

@article{paneru_optimal_2018,
    author = {Paneru, G. and Lee, D. Y. and Park, J.-M. and Park, J. T. and Noh, J. D. and Pak, H. K.},
    title = {Optimal tuning of a {Brownian} information engine operating in a nonequilibrium steady state},
    journal = {Physical Review E},
    volume = {98},
    pages = {052119},
    year = {2018},
    doi = {10.1103/PhysRevE.98.052119},
    note = {publisher: American Physical Society}
}

@article{lucero_maximal_2021,
    author = {Lucero, J. N. E. and Ehrich, J. and Bechhoefer, J. and Sivak, D. A.},
    title = {Maximal fluctuation exploitation in {Gaussian} information engines},
    journal = {Physical Review E},
    volume = {104},
    pages = {044122},
    year = {2021},
    doi = {10.1103/PhysRevE.104.044122}
}

@article{saha2021maximizing,
    author = {Saha, T. K. and Lucero, J. N. and Ehrich, J. and Sivak, D. A. and Bechhoefer, J.},
    title = {Maximizing power and velocity of an information engine},
    journal = {Proceedings of the National Academy of Sciences},
    year = {2021}
}

@article{saha_bayesian_2022,
    author = {Saha, T. K. and Bechhoefer, J.},
    title = {Bayesian inference improves the performance of stochastic feedback control},
    journal = {Physical Review Research},
    volume = {4},
    pages = {033066},
    year = {2022},
    doi = {10.1103/PhysRevResearch.4.033066}
}

@article{martinez2017colloidal,
    author = {Mart\'inez, I. A. and Rold\'an, E. and Dinis, L. and Rica, R. A.},
    title = {Colloidal heat engines: a review},
    journal = {Soft Matter},
    volume = {13},
    pages = {22--36},
    year = {2017},
    doi = {10.1039/C6SM00923A}
}

@article{ramaswamy2003active,
    author = {Ramaswamy, S. and Simha, R. A. and Toner, J.},
    title = {Active nematics on a substrate: Giant number fluctuations and long-time tails},
    journal = {Europhysics Letters},
    volume = {62},
    pages = {196},
    year = {2003},
    doi = {10.1209/epl/i2003-00346-7}
}

@article{fodor2021active,
    author = {Fodor, \'E. and Marchetti, M. C.},
    title = {The statistical physics of active matter: From self-catalytic colloids to living cells},
    journal = {Physica A: Statistical Mechanics and its Applications},
    volume = {504},
    pages = {106--120},
    year = {2021},
    doi = {10.1016/j.physa.2018.03.055}
}

@article{seifert2012stochastic,
    author = {Seifert, U.},
    title = {Stochastic thermodynamics, fluctuation theorems and molecular machines},
    journal = {Reports on Progress in Physics},
    volume = {75},
    pages = {126001},
    year = {2012},
    doi = {10.1088/0034-4885/75/12/126001}
}

@article{ciliberto2017experiments,
    author = {Ciliberto, S.},
    title = {Experiments in Stochastic Thermodynamics: Short History and Perspectives},
    journal = {Physical Review X},
    volume = {7},
    pages = {021051},
    year = {2017},
    doi = {10.1103/PhysRevX.7.021051}
}

@article{schmiedl2007optimal,
    author = {Schmiedl, T. and Seifert, U.},
    title = {Optimal Finite-Time Processes in Stochastic Thermodynamics},
    journal = {Physical Review Letters},
    volume = {98},
    pages = {108301},
    year = {2007},
    doi = {10.1103/PhysRevLett.98.108301}
}

@article{rosales2020optimal,
    author = {Rosales-Cabara, Y. and Mandrysz, M. and Dechant, A.},
    title = {Optimal protocols for stochastic work extraction},
    journal = {Physical Review E},
    volume = {102},
    pages = {062133},
    year = {2020},
    doi = {10.1103/PhysRevE.102.062133}
}

@article{pires2023optimal,
    author = {Pires, L. S. and Horowitz, J. M. and Solon, A. P.},
    title = {Optimal control of active particles},
    journal = {Physical Review E},
    volume = {107},
    pages = {044608},
    year = {2023},
    doi = {10.1103/PhysRevE.107.044608}
}

@article{elgeti2015physics,
    author = {Elgeti, J. and Winkler, R. G. and Gompper, G.},
    title = {Physics of microswimmers—single particle motion and collective behavior: a review},
    journal = {Reports on Progress in Physics},
    volume = {78},
    pages = {056601},
    year = {2015},
    doi = {10.1088/0034-4885/78/5/056601}
}

@article{krishnamurthy2016micrometre,
    author = {Krishnamurthy, S. and Ghosh, S. and Chatterji, D. and Ganapathy, R. and Sood, A. K.},
    title = {A micrometre-sized heat engine operating between bacterial reservoirs},
    journal = {Nature Physics},
    volume = {12},
    pages = {1134--1138},
    year = {2016},
    doi = {10.1038/nphys3870}
}

@article{solon2015pressure,
    author = {Solon, A. P. and Stenhammar, J. and Wittkowski, R. and Kardar, M. and Kafri, Y. and Cates, M. E. and Tailleur, J.},
    title = {Pressure and Phase Equilibria in Interacting Active Brownian Spheres},
    journal = {Physical Review Letters},
    volume = {114},
    pages = {198301},
    year = {2015},
    doi = {10.1103/PhysRevLett.114.198301}
}

@article{ParkOptimal2016,
    author = {Park, J.-M. and Noh, J. D.},
    title = {Optimal control of overdamped Langevin dynamics},
    journal = {Physical Review E},
    volume = {93},
    pages = {032146},
    year = {2016},
    doi = {10.1103/PhysRevE.93.032146}
}

@article{davis2024active,
    author = {Davis, S. and Fodor, \'E.},
    title = {Active engines: Thermodynamics meets biology},
    journal = {Journal of Physics: Condensed Matter},
    volume = {36},
    pages = {013001},
    year = {2024},
    doi = {10.1088/1361-648X/ad0641}
}

@article{reimann2002brownian,
    author = {Reimann, P.},
    title = {Brownian motors: noisy transport far from equilibrium},
    journal = {Physics Reports},
    volume = {361},
    pages = {57--265},
    year = {2002},
    doi = {10.1016/S0370-1573(01)00081-3}
}

@article{raizen_comprehensive_2009,
    author = {Raizen, M. G.},
    title = {Comprehensive control of atomic motion},
    journal = {Science},
    volume = {324},
    pages = {1403--1406},
    year = {2009},
    doi = {10.1126/science.1171506}
}

@article{goerlich2023experimental,
    author = {Goerlich, R. and Hoek, L. and Chor, O. and Rahav, S. and Roichman, Y.},
    title = {Experimental realizations of information engines: Beyond proof of concept},
    journal = {arXiv preprint arXiv:2312.XXXXX},
    year = {2023}
}

@article{fuchs2016stochastic,
    author = {Fuchs, J. and Goldt, S. and Seifert, U.},
    title = {Stochastic thermodynamics of resetting},
    journal = {EPL (Europhysics Letters)},
    volume = {113},
    pages = {60009},
    year = {2016},
    doi = {10.1209/0295-5075/113/60009}
}

@article{lee_experimentally-achieved_2018,
    author = {Lee, D. Y. and Pak, H. K.},
    title = {Experimentally achieved information-driven Brownian motion under continuous measurements},
    journal = {New Journal of Physics},
    volume = {20},
    pages = {083012},
    year = {2018},
    doi = {10.1088/1367-2630/aad875}
}

@article{archambault2024inertial,
    author = {Archambault, P. and Goerlich, R. and Genet, C.},
    title = {Inertial effects in information engines},
    journal = {arXiv preprint arXiv:2401.XXXXX},
    year = {2024}
}

@article{archambault2024first,
    author = {Archambault, A. and Crauste-Thibierge, C. and Imparato, A. and Jarzynski, C. and Ciliberto, S. and Bellon, L.},
    title = {First-passage information engine},
    journal = {arXiv preprint arXiv:2407.17414},
    year = {2024}
}

@article{admon_experimental_2018,
    author = {Admon, T. and Rahav, S. and Roichman, Y.},
    title = {Experimental {Realization} of an {Information} {Machine} with {Tunable} {Temporal} {Correlations}},
    journal = {Physical Review Letters},
    volume = {121},
    pages = {180601},
    year = {2018},
    doi = {10.1103/PhysRevLett.121.180601}
}

@article{Seifert2005,
    author = {Seifert, U.},
    title = {Entropy production along a stochastic trajectory and an integral fluctuation theorem},
    journal = {Physical Review Letters},
    volume = {95},
    pages = {040602},
    year = {2005},
    doi = {10.1103/PhysRevLett.95.040602}
}

@article{Sekimoto1998,
    author = {Sekimoto, K.},
    title = {Langevin Equation and Thermodynamics},
    journal = {Progress of Theoretical Physics Supplement},
    volume = {130},
    pages = {17--27},
    year = {1998},
    doi = {10.1143/PTPS.130.17}
}

@book{SekimotoBook,
    author = {Sekimoto, K.},
    title = {Stochastic energetics},
    publisher = {Springer-Verlag},
    address = {Berlin Heidelberg},
    year = {2010}
}

@article{Jarzynski1997,
    author = {Jarzynski, C.},
    title = {Nonequilibrium equality for free energy differences},
    journal = {Physical Review Letters},
    volume = {78},
    pages = {2690--2693},
    year = {1997},
    doi = {10.1103/PhysRevLett.78.2690}
}

@article{serreli_molecular_2007,
    author = {Serreli, V. and Lee, C.-F. and Kay, E. R. and Leigh, D. A.},
    title = {A molecular information ratchet},
    journal = {Nature},
    volume = {445},
    pages = {523--527},
    year = {2007},
    doi = {10.1038/nature05452},
    note = {Publisher: Nature Publishing Group}
}

@article{puglisi2012structure,
    author = {Puglisi, A. and Gnoli, A. and Gradenigo, G. and Sarracino, A. and Villamaina, D.},
    title = {Structure factors in granular experiments with homogeneous fluidization},
    journal = {Journal of Chemical Physics},
    volume = {136},
    pages = {014704},
    year = {2012},
    doi = {10.1063/1.3673876}
}

@article{gnoli_brownian_2013,
    author = {Gnoli, A. and Petri, A. and Dalton, F. and Pontuale, G. and Gradenigo, G. and Sarracino, A. and Puglisi, A.},
    title = {Brownian ratchet in a thermal bath driven by Coulomb friction},
    journal = {Physical Review Letters},
    volume = {110},
    pages = {120601},
    year = {2013},
    doi = {10.1103/PhysRevLett.110.120601}
}

@article{deblais2018boundaries,
    author = {Deblais, A. and Barois, T. and Guerin, T. and Delville, P.-H. and Vaudaine, R. and Lintuvuori, J. S. and Boudet, J.-F. and Baret, J.-C. and Kellay, H.},
    title = {Boundaries control collective dynamics of inertial self-propelled robots},
    journal = {Physical Review Letters},
    volume = {120},
    pages = {188002},
    year = {2018},
    doi = {10.1103/PhysRevLett.120.188002}
}

@article{giomi2013swarming,
    author = {Giomi, L. and Hawley-Weld, N. and Mahadevan, L.},
    title = {Swarming, swirling and stasis in sequestered bristle-bots},
    journal = {Proceedings of the Royal Society A: Mathematical, Physical and Engineering Sciences},
    volume = {469},
    pages = {20120637},
    year = {2013},
    doi = {10.1098/rspa.2012.0637}
}

@article{ginelli2010large,
    author = {Ginelli, F. and Peruani, F. and B{\"a}r, M. and Chat{\'e}, H.},
    title = {Large-scale collective properties of self-propelled rods},
    journal = {Physical Review Letters},
    volume = {104},
    pages = {184502},
    year = {2010},
    doi = {10.1103/PhysRevLett.104.184502}
}

@article{horowitz2013optimizing,
    author = {Horowitz, J. M. and Parrondo, J. M. R.},
    title = {Optimizing non-ergodic feedback engines},
    journal = {arXiv preprint arXiv:1305.6281},
    year = {2013}
}

@article{horowitz2010nonequilibrium,
    author = {Horowitz, J. M. and Vaikuntanathan, S.},
    title = {Nonequilibrium detailed fluctuation theorem for repeated discrete feedback},
    journal = {Physical Review E},
    volume = {82},
    pages = {061120},
    year = {2010},
    doi = {10.1103/PhysRevE.82.061120}
}

@article{Horowitz_2010,
    author = {Horowitz, J. M. and Vaikuntanathan, S.},
    title = {Nonequilibrium detailed fluctuation theorem for repeated discrete feedback},
    journal = {Physical Review E},
    volume = {82},
    pages = {061120},
    year = {2010},
    doi = {10.1103/physreve.82.061120},
    note = {Publisher: American Physical Society (APS)}
}

@article{horowitz2011thermodynamic,
    author = {Horowitz, J. M. and Parrondo, J. M. R.},
    title = {Thermodynamic reversibility in feedback processes},
    journal = {Europhysics Letters},
    volume = {95},
    pages = {10005},
    year = {2011},
    doi = {10.1209/0295-5075/95/10005}
}

@article{KoskiMutual2024,
    author = {Koski, J. V. and Maisi, V. F. and Sagawa, T. and Pekola, J. P.},
    title = {Experimental observation of the role of mutual information in the nonequilibrium dynamics of a Maxwell demon},
    journal = {Physical Review Letters},
    volume = {113},
    pages = {030601},
    year = {2014},
    doi = {10.1103/PhysRevLett.113.030601}
}

@article{Sagawa2010,
    author = {Sagawa, T. and Ueda, M.},
    title = {Generalized Jarzynski equality under nonequilibrium feedback control},
    journal = {Physical Review Letters},
    volume = {104},
    pages = {090602},
    year = {2010},
    doi = {10.1103/PhysRevLett.104.090602}
}

@misc{Note2,
    note = {This includes Brownian ratchets \cite{reimann2002brownian}, autonomous systems, diode-like systems \cite{raizen_comprehensive_2009} or even apparently unrelated stochastic processes \cite{fuchs2016stochastic, goerlich2023experimental}. All are able to rectify fluctuations and can therefore be described using the information engines formalism. The current perspective keeps a more restricted scope.}
}

@misc{Note3,
    note = {In terms of phase-space manipulation, compressing phase-space into a smaller region can be viewed as an extreme case of Szil\'ard-like splitting, both schemes sharing some similarities. More crucial is the fact that measurements are selected in the case of conditional engine}
}

@misc{Note4,
    note = {The Second Law generalized to transformations between non-equilibrium states reads in general $\Delta W \geq \Delta F + k_B T \Delta I$ where $\Delta F$ and $\Delta I$ corresponds to the difference in equilibrium free energy and KL-divergence between the final and initial states \cite{esposito_second_2011}. For information engines the measurement induces an initial non-equilibrium state, while the feedback action usually returns the system to equilibrium. In that case $\Delta I = I(t_f) - I(t_i) = -I(t_i)$ and we obtain $\Delta W \geq \Delta F - k_B T I(t_i)$ as is used in the main text in most of the literature.}
}

@misc{Note5,
    note = {For a Szil\'ard engine operating on a box of length $L = 1$ we have explicitly $\rho_{\rm eq}(x) = 1$ on $x \in [0, 1]$. The measurement can have two outcomes: either left (l) with $\rho(x|l) = 2$ on $x \in [0, \frac{1}{2}]$ or right (r) with $\rho(x|r) = 2$ on $x \in [\frac{1}{2}, 1]$. The information reads $I = \sum_m p(m) D_{\rm KL}(\rho(x|m)||\rho_{\rm eq}(x))dx$. In the case where both outcomes are equiprobable $p(l) = p(r) = 1/2$ one gets $I = \frac{1}{2} \int_0^{1/2} 2 \ln(2) dx + \frac{1}{2} \int_{1/2}^2 2 \ln(2) dx = \ln(2)$ and hence $W^{\rm out} = k_B T \ln(2)$.}
}